@misc{biosecuritylaw2021,
  author    = {中华人民共和国全国人民代表大会},
  title     = {中华人民共和国生物安全法},
  note      = {全国人民代表大会,2021年4月},
  url       = {http://www.npc.gov.cn}
}

@misc{format,
  author = {刘杰，任小波，姚远，褚鑫，易轩，苏荣辉},
  howpublished = {中国科学院院刊},
  title = {我国生物安全问题的现状分析及对策},
  year = {2016}
}